<?xml version="1.0" encoding="UTF-8" ?>
<collection xmlns:xsi="http://www.w3.org/2001/XMLSchema-instance"
    xsi:schemaLocation="http://www.loc.gov/MARC21/slim
        http://www.loc.gov/standards/marcxml/schema/MARC21slim.xsd"
    xmlns="http://www.loc.gov/MARC21/slim">
<record>
  <leader>00207cam a2200373 i 4500</leader>
  <controlfield tag="001">b12544991</controlfield>
  <controlfield tag="003">LeBAU</controlfield>
  <controlfield tag="005">20200603</controlfield>
  <controlfield tag="008">970730s1946    le       b    ||0 0 ara d</controlfield>
  <datafield tag="035" ind1=" " ind2=" ">
    <subfield code="a">ocn784400284</subfield>
  </datafield>
  <datafield tag="040" ind1=" " ind2=" ">
    <subfield code="a">LEAUB</subfield>
    <subfield code="b">ara</subfield>
    <subfield code="e">rda</subfield>
    <subfield code="c">LEAUB</subfield>
    <subfield code="d">LEAUB</subfield>
  </datafield>
  <datafield tag="082" ind1="0" ind2="4">
    <subfield code="a">492.7094</subfield>
    <subfield code="2">23</subfield>
  </datafield>
  <datafield tag="100" ind1="1" ind2=" ">
    <subfield code="6">880-01</subfield>
    <subfield code="a">Tarrāzī, Fīlīb Dī,</subfield>
    <subfield code="d">1865-1956.</subfield>
    <subfield code="e">author.</subfield>
    <subfield code="0">http://id.loc.gov/authorities/names/nr94026510 ,</subfield>
  </datafield>
  <datafield tag="245" ind1="1" ind2="0">
    <subfield code="6">880-02</subfield>
    <subfield code="a">al-Lughah al-ʻArabīyah fī Ūrubbā /</subfield>
    <subfield code="c">bi-qalam al-Fīkūnt Fīlīb Dī Ṭarrāzī, muʼassis Dār al-Kutub al-Lubnānīyah fī Bayrūt wa-al-ʻuḍw fī ʻiddat majāmiʻ ʻilmīyah sharqīyah wa-gharbīyah.</subfield>
  </datafield>
  <datafield tag="264" ind1=" " ind2="1">
    <subfield code="6">880-03</subfield>
    <subfield code="a">Ḥarīṣā, Lubnān :</subfield>
    <subfield code="b">Maṭbaʻat al-Qiddīs Būlus,</subfield>
    <subfield code="c">1946.</subfield>
  </datafield>
  <datafield tag="300" ind1=" " ind2=" ">
    <subfield code="6">880-04</subfield>
    <subfield code="a">37 pages ;</subfield>
    <subfield code="c">24 cm</subfield>
  </datafield>
  <datafield tag="336" ind1=" " ind2=" ">
    <subfield code="a">text</subfield>
    <subfield code="b">txt</subfield>
    <subfield code="2">rdacontent</subfield>
  </datafield>
  <datafield tag="337" ind1=" " ind2=" ">
    <subfield code="a">unmediated</subfield>
    <subfield code="b">n</subfield>
    <subfield code="2">rdamedia</subfield>
  </datafield>
  <datafield tag="338" ind1=" " ind2=" ">
    <subfield code="a">volume</subfield>
    <subfield code="b">nc</subfield>
    <subfield code="2">rdacarrier</subfield>
  </datafield>
  <datafield tag="500" ind1=" " ind2=" ">
    <subfield code="a">"نشرت تباعاُ في مجلة المسرة."</subfield>
  </datafield>
  <datafield tag="504" ind1=" " ind2=" ">
    <subfield code="a">يتضمن مراجع ببليوغرافية.</subfield>
  </datafield>
  <datafield tag="650" ind1=" " ind2="4">
    <subfield code="a">اللغة العربية</subfield>
    <subfield code="z">اوروبا.</subfield>
  </datafield>
  <datafield tag="650" ind1=" " ind2="0">
    <subfield code="a">Arabic language</subfield>
    <subfield code="z">Europe.</subfield>
  </datafield>
  <datafield tag="770" ind1="0" ind2=" ">
    <subfield code="6">880-05</subfield>
    <subfield code="i">is contained in (work)</subfield>
    <subfield code="4">http://rdaregistry.info/Elements/w/P10019 :</subfield>
    <subfield code="a">Paulist Fathers.</subfield>
    <subfield code="t">Masarrah : majallat baṭrīyarkīyat al-Rūm al-Kāthūlīk : dīnīyah, ʻilmīyah, tārīkhīyah, ikhbārīyah: Ḥarīṣā, Lubnān : al-Ābāʼ al-Mursalīn al-Būlusīyīn, 1910-</subfield>
    <subfield code="d">حريصا، لبنان : الآباء المرسلين البولسيين، 1910-</subfield>
    <subfield code="w">(OCoLC)1034550437</subfield>
    <subfield code="w">(OCoLC)1034550437</subfield>
  </datafield>
  <datafield tag="852" ind1=" " ind2=" ">
    <subfield code="a">Jafet Library</subfield>
    <subfield code="e">American University of Beirut, Bliss Street , Beirut, Lebanon.</subfield>
  </datafield>
  <datafield tag="880" ind1="1" ind2=" ">
    <subfield code="6">100-01/(3/r</subfield>
    <subfield code="a">طرازي، فيليب دي،</subfield>
    <subfield code="d">1865-1956،</subfield>
    <subfield code="0">http://id.loc.gov/authorities/names/nr94026510 ,</subfield>
    <subfield code="e">مؤلف. </subfield>
    <subfield code="4">aut.</subfield>
  </datafield>
  <datafield tag="880" ind1=" " ind2="1">
    <subfield code="6">264-03/(3/r</subfield>
    <subfield code="a">حريصا، لبنان :</subfield>
    <subfield code="b">مطبعة القديس بولس،</subfield>
    <subfield code="c">1946.</subfield>
  </datafield>
  <datafield tag="880" ind1="1" ind2="3">
    <subfield code="6">245-02/(3/r</subfield>
    <subfield code="a">اللغة العربية في أوربا /</subfield>
    <subfield code="c">بقلم الفيكونت فيليب دي طرازي، مؤسس دار الكتب اللبنانية في بيروت والعضو في عدة مجامع علمية شرقية وغربية.</subfield>
  </datafield>
  <datafield tag="880" ind1=" " ind2=" ">
    <subfield code="6">300-04/(3/r</subfield>
    <subfield code="a">37 صفحة ؛</subfield>
    <subfield code="c">24 سم</subfield>
  </datafield>
  <datafield tag="880" ind1="0" ind2=" ">
    <subfield code="6">770-05/(3/r</subfield>
    <subfield code="i">متضمن في (عمل)</subfield>
    <subfield code="4">http://rdaregistry.info/Elements/w/P10019 :</subfield>
    <subfield code="a">الآباء البولسيين.</subfield>
    <subfield code="t">المسرة : مجلة بطريركية الروم الكاثوليك : دينية، علمية، تاريخية، اخبارية.</subfield>
    <subfield code="w">(LEAUB)b12819281</subfield>
    <subfield code="w">(OCoLC)1034550437</subfield>
  </datafield>
  <datafield tag="907" ind1=" " ind2=" ">
    <subfield code="a">.b12544991</subfield>
    <subfield code="b">20-06-03</subfield>
    <subfield code="c">11-05-24</subfield>
  </datafield>
  <datafield tag="907" ind1=" " ind2=" ">
    <subfield code="a">.b12544991</subfield>
    <subfield code="b">11-10-11</subfield>
    <subfield code="c">11-05-24</subfield>
  </datafield>
  <datafield tag="945" ind1=" " ind2=" ">
    <subfield code="f">J</subfield>
    <subfield code="a">492.7094:T178LA</subfield>
    <subfield code="i">01034928</subfield>
    <subfield code="j">.i13050400</subfield>
    <subfield code="l">u0503</subfield>
  </datafield>
  <datafield tag="998" ind1=" " ind2=" ">
    <subfield code="a">u05</subfield>
    <subfield code="b">97-07-30</subfield>
    <subfield code="c">m</subfield>
    <subfield code="d">a  </subfield>
    <subfield code="e">-</subfield>
    <subfield code="f">ara</subfield>
    <subfield code="g">le </subfield>
    <subfield code="h">0</subfield>
    <subfield code="i">1</subfield>
  </datafield>
</record>
</collection>
